@Thesis{neumann2004sa,
  author = {Neumann, Christoph P.},
  title = {{Conceptional Design and Realization of a `Component Test Stand' for Measurements on Enterprise JavaBeans}},
  institution = {Friedrich\-/Alexander\-/Universit{\"a}t Erlangen\-/N{\"u}rnberg},
  year = 2004,
  month = feb,
  type = {Studienarbeit},
  _url = {https://www.cyberlytics.eu/theses/all/Studienarbeit_ChristophPeterNeumann_revised/}
}
@Thesis{neumann2005da,
  author = {Neumann, Christoph P.},
  title = {{Design of an Open Framework for Optimizing the Distribution of Hardware and Software Components in Control Networks for Vehicles}},
  institution = {Friedrich\-/Alexander\-/Universit{\"a}t Erlangen\-/N{\"u}rnberg},
  year = 2005,
  month = jun,
  type = {Diplomarbeit},
  _url = {https://www.cyberlytics.eu/theses/all/Diplomarbeit_ChristophPeterNeumann_original/}
}
@INPROCEEDINGS{MeNe04testejb,
  author = {Marcus Meyerh{\"o}fer and Christoph Neumann},
  title = {{TestEJB} -- A Measurement Framework for {EJBs}},
  booktitle = {Proc of the 7th Int'l Symposium on Component\-/Based Software Engineering (CBSE'04) in conjunction with the 26th Int'l Conf on Software Engineering (ICSE'04)},
  _editor = {Ivica Crnkovic},
  month = may,
  year = {2004},
  pages = {294--301},
  address = {Edinburgh, UK},
  publisher = {Springer, Berlin, DE},
  series    = {Lecture Notes in Computer Science},
  volume    = {3054},
  doi       = {10.1007/978-3-540-24774-6_26},
  _url = {https://doi.org/10.1007/978-3-540-24774-6_26},
  _isbn      = {978\-/3\-/540\-/24774\-/6},
}

@INPROCEEDINGS{NHSL09oxdbs,
  author = {Christoph P. Neumann and Stefan Hanisch and Bernhard Schiemann and
	Richard Lenz},
  title = {{OXDBS -- Erweiterung einer nativen XML\-/Datenbank um die Validierung
	und Konsistenzpr{\"u}fung gegen eine OWL\-/Ontologie}},
  booktitle = {Tagungsband der 54.\,GMDS\-/Jahrestagung},
  year = {2009},
  _pages = {271:1--271:2},
  address = {Essen, DE},
  month = sep,
  organization = {{Deutsche Gesellschaft f{\"u}r Medizinische Informatik, Biometrie
	und Epidemiologie} (GMDS)},
  doi = {10.3205/09GMDS271},
  _url = {http://www.egms.de/en/meetings/gmds2009/09gmds271.shtml},
}


@INPROCEEDINGS{NeWL09xdsrig,
  author = {Christoph P. Neumann and Florian Wagner and Richard Lenz},
  title = {{XdsRig -- Eine Open\-/Source IHE XDS Testumgebung}},
  booktitle = {Tagungsband der 54.\,GMDS\-/Jahrestagung},
  year = {2009},
  _pages = {276:1--276:2},
  address = {Essen, DE},
  month = sep,
  organization = {{Deutsche Gesellschaft f{\"u}r Medizinische Informatik, Biometrie
	und Epidemiologie} (GMDS)},
  doi = {10.3205/09GMDS276},
  _url = {http://www.egms.de/en/meetings/gmds2009/09gmds276.shtml},
}


@INPROCEEDINGS{NRDL09deus,
  author = {Christoph P. Neumann and Florian Rampp and Michael Daum and Richard	Lenz},
  title = {{A Mediated Publish\-/Subscribe System for Inter\-/Institutional Process	Support in Healthcare}},
  booktitle = {Proc of the 3rd ACM Int'l Conf on Distributed Event\-/Based Systems (DEBS 2009)},
  year = {2009},
  _chapter = {14},
  _pages = {1--4},
  pages = {14:1--14:4},
  address = {Nashville, TN, USA},
  month = jul,
  _isbn = {9781605586656},
  _url = {https://doi.org/10.1145/1619258.1619277},
  doi = {10.1145/1619258.1619277},
  _note = {[An extended version is available as Tech.\ Rep.\ CS\-/2012\-/02 at Friedrich\-/Alexander\-/Universit{\"a}t Erlangen\-/N{\"u}rnberg]}
}

@INPROCEEDINGS{NeLe09alphaflow,
  author = {Christoph P. Neumann and Richard Lenz},
  title = {{alpha\-/Flow: A Document\-/based Approach to Inter\-/Institutional Process Support in Healthcare}},
  booktitle = {Proc of the 3rd Int'l Workshop on Process\-/oriented Information Systems
	in Healthcare (ProHealth'09) in conjunction with the 7th Int'l Conf
	on Business Process Management (BPM'09)},
  year = {2009},
  pages = {569--580},
  address = {Ulm, DE},
  month = sep,
  doi = {10.1007/978-3-642-12186-9_55},
  _url = {https://doi.org/10.1007/978-3-642-12186-9_55},
  _isbn = {978\-/3\-/642\-/12186\-/9},
  
}

@INPROCEEDINGS{NeLe09dmps,
  author = {Christoph P. Neumann and Richard Lenz},
  title = {{A Light\-/Weight System Extension Supporting Document\-/based Processes
	in Healthcare}},
  booktitle = {Proc of the 3rd Int'l Workshop on Process\-/oriented Information Systems
	in Healthcare (ProHealth'09) in conjunction with the 7th Int'l Conf
	on Business Process Management (BPM'09)},
  year = {2009},
  pages = {557--568},
  address = {Ulm, DE},
  month = sep,
  doi = {10.1007/978-3-642-12186-9_54},
  _url = {https://doi.org/10.1007/978-3-642-12186-9_54},
  _isbn = {978\-/3\-/642\-/12186\-/9},
}

@INPROCEEDINGS{NeLe10alphaUC,
  author = {Christoph P. Neumann and Richard Lenz},
  title = {{The alpha\-/Flow Use\-/Case of Breast Cancer Treatment -- Modeling Inter\-/Institutional Healthcare Workflows by Active Documents}},
  booktitle = {Proc of the 19th Int'l Workshops on Enabling Technologies: Infrastructures for Collaborative Enterprises (WETICE 2010)},
  _extended_booktitle = {Proc of the 8th Int'l Workshop on Agent\-/based Computing for Enterprise Collaboration (ACEC)
    at the 19th Int'l Workshops on Enabling Technologies: Infrastructures for Collaborative Enterprises (WETICE 2010)},
  year = {2010},
  pages = {12--22},
  address = {Larissa, GR},
  month = jun,
  doi = {10.1109/WETICE.2010.8},
  _url = {https://doi.ieeecomputersociety.org/10.1109/WETICE.2010.8},
  _issn = {1524\-/4547},
}

@INPROCEEDINGS{NeFL10oxdbs,
  author = {Christoph P. Neumann and Thomas Fischer and Richard Lenz},
  title = {{OXDBS -- Extension of a native XML Database System with Validation by Consistency Checking of OWL\-/DL Ontologies}},
  booktitle = {Proc of the 14th International Database Engineering \& Applications Symposium (IDEAS'10)},
  year = {2010},
  pages = {143--148},
  address = {Montreal, QC, CA},
  month = aug,
  _url = {https://doi.org/10.1145/1866480.1866502},
  doi = {10.1145/1866480.1866502},
  _isbn = {978\-/1\-/60558\-/900\-/8},
}
@INPROCEEDINGS{NSWL11alphaadaptive,
  author = {Christoph P. Neumann and Peter K. Schwab and Andreas M. Wahl and Richard Lenz},
  title = {{alpha\-/Adaptive: Evolutionary Workflow Metadata in Distributed Document\-/Oriented Process Management}},
  booktitle = {Proc of the 4th Int'l Workshop on Process\-/oriented Information Systems
	in Healthcare (ProHealth'11) in conjunction with the 9th Int'l Conf
	on Business Process Management (BPM'11)},
  year = {2011},
  pages = {225--236},
  address = {Clermont\-/Ferrand, FR},
  month = aug,
  _isbn = {978\-/3\-/642\-/28115\-/0},
  doi  = {10.1007/978-3-642-28115-0_22},
  _url  = {https://doi.org/10.1007/978-3-642-28115-0_22}
}

@TECHREPORT{NeRL12deus,
  author = {Christoph P. Neumann and Florian Rampp and Richard Lenz},
  title = {{DEUS: Distributed Electronic Patient File Update System}},
  institution = {Friedrich\-/Alexander\-/Universit{\"a}t Erlangen\-/N{\"u}rnberg, Dept.\ of Computer Science},
  series = {Technical Reports}, 
  number = {CS\-/2012\-/02},
  year = {2012},
  month = mar,
  issn = {2191\-/5008},
  doi = {10.13140/RG.2.2.18075.23848},
  _url = {https://nbn-resolving.org/urn:nbn:de:bvb:29-opus-32089}
}

@INPROCEEDINGS{NeWL12offsync,
  title={{Adaptive Version Clocks and the OffSync Protocol (Poster)}},
  author={Christoph P. Neumann and Andreas M. Wahl and Richard Lenz},
  booktitle={Proc of the 10th IEEE Int'l Symposium on Parallel and Distributed Processing with Applications (ISPA{-}12)},
  address = {Madrid, Spain},
  month=jul,
  year={2012},
  doi = {10.1109/ISPA.2012.123},
  _url = {https://doi.ieeecomputersociety.org/10.1109/ISPA.2012.123},
  issn = {2158\-/9178},
  pages = {835--836},
}

@INPROCEEDINGS{NeHL12hydra,
  title={{Hydra Version Control System (Poster)}},
  author={Christoph P. Neumann and Scott A. Hady and Richard Lenz},
  booktitle={Proc of the 10th IEEE Int'l Symposium on Parallel and Distributed Processing with Applications (ISPA{-}12)},
  address = {Madrid, Spain},
  month=jul,
  year={2012},
  issn = {2158\-/9178},
  pages = {837--838},
  doi = {10.1109/ISPA.2012.124},
  _url = {https://doi.ieeecomputersociety.org/10.1109/ISPA.2012.124},
}

@ARTICLE{NeLe12alphaFlow,
  author = {Christoph P. Neumann and Richard Lenz},
  title = {{The alpha\-/Flow Approach to Inter\-/Institutional Process Support in Healthcare}},
  journal = {International Journal of Knowledge\-/Based Organizations (IJKBO)},
  publisher = {IGI Global},
  volume = 2,
  number = 4,
  year = {2012},
  pages = {52--68},
  _url = {http://www.igi-global.com/article/alpha-flow-approach-inter-institutional/72340},
  _urlDOI      = {https://doi.org/10.4018/ijkbo.2012100104},
  doi          = {10.4018/ijkbo.2012100104}
}

@MastersThesis{Neumann2012dissPreprint_OldBibTeX,
	author = {Christoph P. Neumann},
	title = {{Distributed Document\-/Oriented Process Management in Healthcare}},
	school = {Friedrich\-/Alexander\-/Universit{\"a}t Erlangen\-/N{\"u}rnberg},
	type = {Dissertation},
	_type = {`Dissertation' (PhD thesis)},
	_type = {PhD thesis (`Dissertation' in Germany)},
	month = nov,
	year = 2012,
	url = {https://nbn-resolving.org/urn:nbn:de:bvb:29-opus-39070}
}

@phdthesis{Neumann2012dissPreprint,
	author = {Christoph P. Neumann},
	title = {{Distributed Document\-/Oriented Process Management in Healthcare}},
	school = {Friedrich\-/Alexander\-/Universit{\"a}t Erlangen\-/N{\"u}rnberg},
	month = nov,
	year = 2012,
	address = {Erlangen},
	doi = {10.13140/RG.2.2.14719.79521},
	url = {https://nbn-resolving.org/urn:nbn:de:bvb:29-opus-39070}
}

@INPROCEEDINGS{NeLe13adhocCoop,
  author = {Christoph P. Neumann and Richard Lenz},
  title = {{Distributed Ad Hoc Cooperation in Healthcare}},
  booktitle = {Post\-/Proceedings of the Joint Int'l Workshops on Process\-/oriented Information Systems in Healthcare and Knowledge Representation for Healthcare (ProHealth'12 / KR4HC'12) in conjunction with the 10th Int'l Conf on Business Process Management (BPM'12)},
  _editor = {Richard Lenz and Silvia Miksch and Mor Peleg and Manfred Reichert and David Riano and Annette ten Teije},
  year = {2013},
  pages = {113--125},
  _address = {Tallinn, EE},
  publisher = {Springer},
  note = {Part of the Lecture Notes in Computer Science book series (LNAI, volume 7738)},
  _isbn = {978\-/3\-/642\-/36437\-/2},
  doi = {10.1007/978-3-642-36438-9_8},
  _url = {https://doi.org/10.1007/978-3-642-36438-9_8},
}@incollection{Neumann2012lni,
  author={Christoph P. Neumann},
  editor={Abraham Bernstein and Wolfgang Effelsberg and Steffen H{\"o}lldobler and Hans{-}Peter Lenhof and Klaus{-}Peter L{\"o}hr and Paul Molitor and Gustaf Neumann and R{\"u}diger Reischuk and Nicole Schweikardt and Myra Spiliopoulou and Harald St{\"o}rrle and Sabine S{\"u}sstrunk},
  title={Verteiltes Dokumenten\-/orientiertes Prozessmanagement im Gesundheitswesen},
  booktitle={Ausgezeichnete Informatikdissertationen 2012},
  series={{LNI}},
  volume={{D{-}13}},
  pages={241--250},
  publisher={{GI}},
  year={2012},
  url={https://dl.gi.de/20.500.12116/33740}
}
@BOOK{Neumann2013dissBook,
	author = {Christoph P. Neumann},
	title = {{Distributed Case Handling}},
	year = 2013,
	publisher = {Verlag Dr.~Hut},
	address = {M{\"u}nchen},
	isbn = {9783843909198},
	_urn  = {urn:nbn:de:bvb:29\-/opus\-/39070},
	_url = {https://d-nb.info/1033041637},
	_note = {\url{http://www.opus.ub.uni-erlangen.de/opus/volltexte/2012/3907/}(preprint version)},
	_note = {\url{https://d-nb.info/1033041637}(DNB)},
	_note = {\url{https://www.dr.hut-verlag.de/978-3-8439-0919-8.html}(URL)}
}

@INPROCEEDINGS{IND+09lzatav,
  author = {Florian Irmert and Christoph P. Neumann and Michael Daum and Niko Pollner and Klaus Meyer\-/Wegener},
  title = {{Technische Grundlagen f{\"u}r eine laufzeitadaptierbare Transaktionsverwaltung}},
  booktitle = {Tagungsband der 13.\,Fachtagung Datenbanksysteme f{\"u}r Business, Technologie und Web (BTW'09)},
  month = mar,
  year = {2009},
  pages = {227--236},
  address = {M{\"u}nster, DE},
  publisher = {Gesellschaft f{\"u}r Informatik e.V.\ (GI), K{\"o}ln, Germany},
  doi = {10.1145/1620432.1620442},
  url  = {https://dl.gi.de/20.500.12116/20447},
  _isbn = {978-3-88579-238-3},
  _issn = {1617\-/5468},
}

@INPROCEEDINGS{ILN+09semrttx,
  author = {Florian Irmert and Frank Lauterwald and Christoph P. Neumann and Michael Daum and Richard Lenz and Klaus Meyer{-}Wegener},
  title = {{Semantics of a Runtime Adaptable Transaction Manager}},
  booktitle = {Proc of the 13th Int'l Database Engineering \& Applications Symposium (IDEAS'09)},
  month = sep,
  year = {2009},
  pages = {88--96},
  address = {Cetraro, IT},
  doi = {10.1145/1620432.1620442},
  _isbn = {9781605584027},
  _url = {https://doi.org/10.1145/1620432.1620442},
}

@ARTICLE{JBN+10fcmdb,
  author = {Holger von Jouanne{-}Diedrich and Juliane Blechinger and Christoph P. Neumann and Stefan Schwarz and Richard Lenz},
  title = {{Integration verteilter und heterogener Configuration\-/Management\-/Datenbanken}},
  journal = {Informatik\-/Spektrum},
  editor = {Arndt Bode},
  publisher = {Springer},
  issn = {0170\-/6012},
  pages = {351--362},
  volume = {33},
  issue = {4},
  year = {2010},
  doi = {10.1007/s00287-009-0398-6},
  _url = {http://www.springerlink.com/content/e8m40805u21881m2/},
}

@INPROCEEDINGS{FDI+10esmmog,
  author={Thomas Fischer and Michael Daum and Florian Irmert and Christoph P. Neumann and Richard Lenz},
  title={{Exploitation of Event\-/Semantics for Distributed Publish/Subscribe Systems in Massively Multiuser Virtual Environments}},
  booktitle={Proc of the 14th Int'l Database Engineering \& Applications Symposium (IDEAS'10)},
  year={2010},
  pages = {90--97},
  address = {Montreal, QC, CA},
  month = aug,
  doi = {10.1145/1866480.1866494},
  _isbn = {9781605589008},
  _url = {https://doi.org/10.1145/1866480.1866494},
}

@TECHREPORT{LNR+11egr,
  author = {Frank Lauterwald and Christoph P. Neumann and Richard Lenz and Anselm G. J{\"u}nemann and Christian Y. Mardin and Klaus Meyer{-}Wegener and Folkert K. Horn},
  title = {{The Erlangen Glaucoma Registry: a Scientific Database for Longitudinal Analysis of Glaucoma}},
  institution = {Friedrich\-/Alexander\-/Universit{\"a}t Erlangen\-/N{\"u}rnberg, Dept.\ of Computer Science},
  type = {Technical Reports}, 
  number = {CS\-/2011\-/02},
  year = {2011},
  month = dec,
  doi = {10.13140/RG.2.2.31497.01128},
  _issn = {2191\-/5008},
  _url = {https://nbn-resolving.org/urn:nbn:de:bvb:29-opus-39057}
}

@INPROCEEDINGS{PANP23seccloudfogai,
  title={{Security Challenges for Cloud or Fog Computing-Based AI Applications}},
  author={Amir Pakmehr and Andreas A{\ss}muth and Christoph P. Neumann and Gerald Pirkl},
  booktitle={Proc of the 14th International Conference on Cloud Computing, GRIDs, and Virtualization (Cloud Computing 2023)},
  _organization={International Academy, Research, and Industry Association (IARIA)},
  address = {Nice, France},
  month=jun,
  year={2023},
  doi = {10.48550/arXiv.2310.19459},
  _url = {https://www.thinkmind.org/index.php?view=article&articleid=cloud_computing_2023_2_10_28004},
  _url = {https://doi.org/10.48550/arXiv.2310.19459},
  _issn = {2308-4294},
  pages = {21--29},
}

@INPROCEEDINGS{LeNe24vocattllm,
  title={{Vocabulary Attack to Hijack Large Language Model Applications}},
  author={Patrick Levi and Christoph P. Neumann},
  booktitle={Proc of the 15th International Conference on Cloud Computing, GRIDs, and Virtualization (Cloud Computing 2024)},
  _organization={International Academy, Research, and Industry Association (IARIA)},
  address = {Venice, Italy},
  month=apr,
  year={2024},
  doi = {10.48550/arXiv.2404.02637},
  _url = {https://www.thinkmind.org/index.php?view=article&articleid=cloud_computing_2024_2_10_28007},
  _url2 = {https://doi.org/10.48550/arXiv.2404.02637},
  _issn = {2308\-/4294},
  pages = {19--24}
}

@INPROCEEDINGS{ToNe11alphaprops,
  author = {Aneliya Todorova and Christoph P. Neumann},
  title = {{alpha-Props: A Rule-Based Approach to `Active Properties' for Document-Oriented Process Support in Inter-Institutional Environments (Poster)}},
  booktitle = {Lecture Notes in Informatics (LNI) Seminars 10\,/\,Informatiktage 2011},
  year={2011},
  month=mar,
  pages={131--134},
  editor={Ludger Porada},
  organization={Gesellschaft f{\"u}r Informatik e.V.\ (GI)},
  isbn={978-3-88579-444-8},
  _url={http://www6.informatik.uni-erlangen.de/publications/public/2011/giinformatiktage2011_stud-todorova_neumann.pdf}
}

@INPROCEEDINGS{WaNe12alphaoffsync,
  author = {Andreas M. Wahl and Christoph P. Neumann},
  title = {{alpha-OffSync: An Offline-Capable Synchronization Approach for Distributed Document-Oriented Process Management in Healthcare (Poster)}},
  booktitle = {Lecture Notes in Informatics (LNI) Seminars 11\,/\,Informatiktage 2012},
  year={2012},
  month=mar,
  pages={131--134},
  editor={Ludger Porada},
  organization={Gesellschaft f{\"u}r Informatik e.V.\ (GI)},
  isbn={978-3-88579-444-8},
  _url={http://www6.informatik.uni-erlangen.de/publications/public/2012/giinformatiktage2012_stud-wahl_neumann.pdf}
}

@INPROCEEDINGS{StNe23foodfresh,
  title={{FoodFresh: Multi-Chain Design for an Inter-Institutional Food Supply Chain Network}},
  author={Philipp Stangl and Christoph P. Neumann},
  booktitle={Proc of the 14th International Conference on Cloud Computing, GRIDs, and Virtualization (Cloud Computing 2023)},
  _organization={International Academy, Research, and Industry Association (IARIA)},
  address = {Nice, France},
  month=jun,
  year={2023},
  doi = {10.48550/arXiv.2310.19461},
  _url = {https://www.thinkmind.org/index.php?view=article&articleid=cloud_computing_2023_2_30_28006},
  _url = {https://doi.org/10.48550/arXiv.2310.19461},
  _issn = {2308\-/4294},
  pages = {41--46},
}

@TECHREPORT{SaNe24othfb,
  author = {Patrick Sabau and Christoph P. Neumann},
  title = {{Analyse von Methoden zur Sicherung der Vertraulichkeit in Neuronalen Netzen}},
  institution = {Ostbayerische Technische Hochschule Amberg\-/Weiden},
  type = {Forschungsbericht}, 
  number = {2024},
  year = {2024},
  month = mar,
  _issn = {2365\-/1997},
  doi = {10.13140/RG.2.2.21052.65924},
  _url1 = {https://www.oth-aw.de/hochschule/mediathek/forschungsbericht/},
  _url2 = {https://www.oth-aw.de/files/oth-aw/Aktuelles/Veroeffentlichungen/Forschungsbericht/OTH_Forschungsbericht_2024.pdf},
  _url3 = {https://www.researchgate.net/profile/Christoph-Neumann-8/publication/379109359_Analyse_von_Methoden_zur_Sicherung_der_Vertraulichkeit_in_Neuronalen_Netzen/links/65faff43a4857c7962654c5c/Analyse-von-Methoden-zur-Sicherung-der-Vertraulichkeit-in-Neuronalen-Netzen.pdf}
}
@TECHREPORT{ModA-TR-2021SS-WAE-TeamWeiss-CovidDashboard,
  author = {Tobias Bauer and Albert Hahn and Lukas Kleinlein and Nicolas Proske and Leonard W{\"o}llmer and Andrei Trukhin and Christoph P. Neumann},
  title = {{Covidash: Eine MEAN\-/Variation-basierte Webanwendung für Inzidenz\-/Zahlen und Impffortschritt in Deutschland}},
  institution = {Ostbayerische Technische Hochschule Amberg\-/Weiden, CyberLytics\-/Lab an der Fakult{\"a}t Elektrotechnik, Medien und Informatik},
  series = {Technischer Bericht},
  number = {CL-2021-06},
  year = 2021,
  month = 7,
  doi = {10.13140/RG.2.2.33921.84321},
  _url = {https://dx.doi.org/10.13140/RG.2.2.33921.84321},
}
@TECHREPORT{ModA-TR-2021SS-WAE-TeamRot-FireForceDefense,
  author = {Cameron Barbee and Tim Hoffmann and Christian Piffel and Tobias Schotter and Sebastian Schuscha and Philipp Stangl and Thomas Stangl and Christoph P. Neumann},
  title = {{FireForceDefense: Graphisches Tower\-/Defense\-/Spiel mit Kubernetes\-/Deployment}},
  institution = {Ostbayerische Technische Hochschule Amberg\-/Weiden, CyberLytics\-/Lab an der Fakult{\"a}t Elektrotechnik, Medien und Informatik},
  series = {Technischer Bericht},
  number = {CL-2021-05},
  year = 2021,
  month = 7,
  doi = {10.13140/RG.2.2.20500.07048},
  _url = {https://dx.doi.org/10.13140/RG.2.2.20500.07048},
}
@TECHREPORT{ModA-TR-2021SS-WAE-TeamGruen-MedPlanner,
  author = {Egidia Cenko and Madina Kamalova and Matthias Sch{\"o}n and Christoph Schuster and Andrei Trukhin and Christoph P. Neumann},
  title = {{MedPlanner: Eine Angular- und Django\-/basierte Webanwendung um ärztliche Termine übersichtlich zu verwalten}},
  institution = {Ostbayerische Technische Hochschule Amberg\-/Weiden, CyberLytics\-/Lab an der Fakult{\"a}t Elektrotechnik, Medien und Informatik},
  series = {Technischer Bericht},
  number = {CL-2021-04},
  year = 2021,
  month = 7,
  doi = {10.13140/RG.2.2.19409.71528},
  _url = {https://dx.doi.org/10.13140/RG.2.2.19409.71528},
}

@TECHREPORT{ModA-TR-2022SS-WAE-TeamWeiss-WoIstMeinGeld,
  author = {Alexander Ziebell and Anja Stricker and Annika Stadelmann and Leo Schurrer and Philip Bartmann and Ronja B{\"a}umel and Ulrich Stark and Christoph P. Neumann},
  title = {{Wo ist mein Geld: Eine MERN\-/basierte Webanwendung für gemeinsame Ausgaben mit Freunden oder Kollegen}},
  institution = {Ostbayerische Technische Hochschule Amberg\-/Weiden, CyberLytics\-/Lab an der Fakult{\"a}t Elektrotechnik, Medien und Informatik},
  series = {Technischer Bericht},
  number = {CL-2022-11},
  year = 2022,
  month = 7,
  doi = {10.13140/RG.2.2.28888.67847},
  _url = {https://dx.doi.org/10.13140/RG.2.2.28888.67847},
}
 
 
 
@TECHREPORT{ModA-TR-2022SS-BDCC-TeamWeiss-TwitterDash,
  author = {Bastian Hahn and Martin Kleber and Andreas Klier and Lukas Kreussel and Felix Paris and Andreas Ziegler and Christoph P. Neumann},
  title = {{Twitter-Dash: React- und .NET\-/basierte Trend- und Sentiment\-/Analysen}},
  institution = {Ostbayerische Technische Hochschule Amberg\-/Weiden, CyberLytics\-/Lab an der Fakult{\"a}t Elektrotechnik, Medien und Informatik},
  series = {Technischer Bericht},
  number = {CL-2022-07},
  year = 2022,
  month = 7,
  doi = {10.13140/RG.2.2.15466.90564},
  _url = {https://dx.doi.org/10.13140/RG.2.2.15466.90564},
}
@TECHREPORT{ModA-TR-2022SS-BDCC-TeamRot-Reddiment,
  author = {Tobias Bauer and Fabian Beer and Daniel Holl and Ardian Imeraj and Konrad Schweiger and Philipp Stangl and Wolfgang Weigl and Christoph P. Neumann},
  title = {{Reddiment: Eine SvelteKit- und ElasticSearch\-/basierte Reddit Sentiment\-/Analyse}},
  institution = {Ostbayerische Technische Hochschule Amberg\-/Weiden, CyberLytics\-/Lab an der Fakult{\"a}t Elektrotechnik, Medien und Informatik},
  series = {Technischer Bericht},
  number = {CL-2022-06},
  year = 2022,
  month = 7,
  doi = {10.13140/RG.2.2.32244.12161},
  _url = {https://dx.doi.org/10.13140/RG.2.2.32244.12161},
}
@TECHREPORT{ModA-TR-2022SS-BDCC-TeamGruen-ExplosionGuy,
  author = {Florian B{\"o}sl and Helge Kohl and Anastasia Chernysheva and Patrice Korinth and Philipp Porsch and Christoph P. Neumann},
  title = {{Explosion Guy: Cloud\-/basiertes Matchmaking für einen graphischen Bombenspaß}},
  institution = {Ostbayerische Technische Hochschule Amberg\-/Weiden, CyberLytics\-/Lab an der Fakult{\"a}t Elektrotechnik, Medien und Informatik},
  series = {Technischer Bericht},
  number = {CL-2022-05},
  year = 2022,
  month = 7,
  doi = {10.13140/RG.2.2.18822.34882},
  _url = {https://dx.doi.org/10.13140/RG.2.2.18822.34882},
}
@TECHREPORT{ModA-TR-2022SS-BDCC-TeamCyan-OTHWiki,
  author = {Dominik Smrekar and Johannes Horst and Patrick Sabau and Saniye Ogul and Tobias Schotter and Christoph P. Neumann},
  title = {{OTH-Wiki: Ein Angular- und FastAPI\-/basiertes Wiki für Studierende}},
  institution = {Ostbayerische Technische Hochschule Amberg\-/Weiden, CyberLytics\-/Lab an der Fakult{\"a}t Elektrotechnik, Medien und Informatik},
  series = {Technischer Bericht},
  number = {CL-2022-04},
  year = 2022,
  month = 7,
  doi = {10.13140/RG.2.2.25533.23526},
  _url = {https://dx.doi.org/10.13140/RG.2.2.25533.23526},
}
 
 
@TECHREPORT{ModA-TR-2022WS-SWT-TeamGruen-Graphvio,
  author = {Johannes Halbritter and Helge Kohl and Lukas Kreussel and Stephan Prettner and Andreas Ziegler and Christoph P. Neumann},
  title = {{Graphvio: Eine Graphdatenbank\-/Webanwendung für integrierte Datensätze von Streaminganbietern}},
  institution = {Ostbayerische Technische Hochschule Amberg\-/Weiden, CyberLytics\-/Lab an der Fakult{\"a}t Elektrotechnik, Medien und Informatik},
  series = {Technischer Bericht},
  number = {CL-2022-01},
  year = 2022,
  month = 3,
  doi = {10.13140/RG.2.2.12111.46244},
  _url = {https://dx.doi.org/10.13140/RG.2.2.12111.46244},
}

@TECHREPORT{ModA-TR-2023SS-WAE-TeamWeiss-Neunerln,
  author = {Paul Brandl and Manuel Kalla and Dominik Panzer and Kevin Paulus and Manuel Pickl and Franziska Rubenbauer and Berkay Yurdaguel and Christoph P. Neumann},
  title = {{Neunerln: Eine MEVN\-/basierte Webanwendung zum kompetitiven Kartenspielen}},
  institution = {Ostbayerische Technische Hochschule Amberg\-/Weiden, CyberLytics\-/Lab an der Fakult{\"a}t Elektrotechnik, Medien und Informatik},
  series = {Technischer Bericht},
  number = {CL-2023-11},
  year = 2023,
  month = 7,
  doi = {10.13140/RG.2.2.33933.31209},
  _url = {https://dx.doi.org/10.13140/RG.2.2.33933.31209},
}
 
 
@TECHREPORT{ModA-TR-2023SS-BDCC-TeamRot-CompVisPipeline,
  author = {André Kestler and Antonio Vidos and Marcus Haberl and Tobias Dobmeier and Tobias Lettner and Tobias Weiß and Christoph P. Neumann},
  title = {{Computer Vision Pipeline: Eine React- und Flask\-/basierte Webanwendung zur No\-/Code\-/Bildverarbeitung mit Cloud\-/Deployment}},
  institution = {Ostbayerische Technische Hochschule Amberg\-/Weiden, CyberLytics\-/Lab an der Fakult{\"a}t Elektrotechnik, Medien und Informatik},
  series = {Technischer Bericht},
  number = {CL-2023-08},
  year = 2023,
  month = 7,
  doi = {10.13140/RG.2.2.23866.98248},
  _url = {https://dx.doi.org/10.13140/RG.2.2.23866.98248},
}
@TECHREPORT{ModA-TR-2023SS-BDCC-TeamBlau-NauticalNonsense,
  author = {Jakob Götz and Uwe Kölbel and Maximilian Schlosser and Oliver Schmidts and Jan Schuster and Philipp Seufert and Fabian Wagner and Christoph P. Neumann},
  title = {{Nautical Nonsense: Eine Phaser3- und FastAPI\-/basierte Webanwendung für Schiffe\-/Versenken mit Cloud\-/Deployment}},
  institution = {Ostbayerische Technische Hochschule Amberg\-/Weiden, CyberLytics\-/Lab an der Fakult{\"a}t Elektrotechnik, Medien und Informatik},
  series = {Technischer Bericht},
  number = {CL-2023-07},
  year = 2023,
  month = 7,
  doi = {10.13140/RG.2.2.17156.09601},
  _url = {https://dx.doi.org/10.13140/RG.2.2.17156.09601},
}
@TECHREPORT{ModA-TR-2023SS-BCN-TeamGruen-TorpedoTactics,
  author = {Lukas Feil and Stefan Reger and Timon Spichtinger and Manuel Pickl and Gian Piero Cecchetti and Alexander Hammer and Berkay Yurdagül and Christoph P. Neumann},
  title = {{Torpedo Tactics: Eine MEVN\-/basierte Webanwendung für Schiffe\-/Versenken mit Cloud\-/Deployment}},
  institution = {Ostbayerische Technische Hochschule Amberg\-/Weiden, CyberLytics\-/Lab an der Fakult{\"a}t Elektrotechnik, Medien und Informatik},
  series = {Technischer Bericht},
  number = {CL-2023-06},
  year = 2023,
  month = 7,
  doi = {10.13140/RG.2.2.22608.69120},
  _url = {https://dx.doi.org/10.13140/RG.2.2.22608.69120},
}
 
@TECHREPORT{ModA-TR-2023SS-BCN-TeamCyan-Stockbird,
  author = {Rebecca Kietzer and Baran Baygin and Carl Küschall and Jonathan Okorafor and Luca Käsmann and Michael Zimmet and Michael Ippisch and Christoph P. Neumann},
  title = {{Stockbird: Eine React\-/basierte Webanwendung mit serverless Cloud\-/Deployment zur Analyse des Einfluss von Tweets auf Aktienkurs\-/Schwankungen}},
  institution = {Ostbayerische Technische Hochschule Amberg\-/Weiden, CyberLytics\-/Lab an der Fakult{\"a}t Elektrotechnik, Medien und Informatik},
  series = {Technischer Bericht},
  number = {CL-2023-04},
  year = 2023,
  month = 7,
  doi = {10.13140/RG.2.2.32675.02083},
  _url = {https://dx.doi.org/10.13140/RG.2.2.32675.02083},
}
@TECHREPORT{ModA-TR-2023SS-BCN-TeamBlau-FancyChess,
  author = {Christian Rute and Alex Müller and Alexander Rudolf Wittmann and Arthur Zimmermann and David Nestmeyer and Julian Tischlak and Matthias Wolfinger and Christoph P. Neumann},
  title = {{FancyChess: Eine Next.js\-/basierte Cloud-Anwendung zum Schachspielen}},
  institution = {Ostbayerische Technische Hochschule Amberg\-/Weiden, CyberLytics\-/Lab an der Fakult{\"a}t Elektrotechnik, Medien und Informatik},
  series = {Technischer Bericht},
  number = {CL-2023-03},
  year = 2023,
  month = 7,
  doi = {10.13140/RG.2.2.19253.24802},
  _url = {https://dx.doi.org/10.13140/RG.2.2.19253.24802},
}
@TECHREPORT{ModA-TR-2023WS-SWT-TeamRot-SGDb,
  author = {Anastasia Chernysheva and Jakob G{\"o}tz and Ardian Imeraj and Patrice Korinth and Philipp Stangl and Christoph P. Neumann},
  title = {{SGDb Semantic Video Game Database: Svelte- und Ontotext\-/basierte Webanwendung mit einer Graphen\-/Suche für Videospiele}},
  institution = {Ostbayerische Technische Hochschule Amberg\-/Weiden, CyberLytics\-/Lab an der Fakult{\"a}t Elektrotechnik, Medien und Informatik},
  series = {Technischer Bericht},
  number = {CL-2023-02},
  year = 2023,
  month = 3,
  doi = {10.13140/RG.2.2.11272.60160},
  _url = {https://dx.doi.org/10.13140/RG.2.2.11272.60160},
}
@TECHREPORT{ModA-TR-2023WS-SWT-TeamGruen-OPCUANetzwerk,
  author = {Johannes Horst and Manuel Zimmermann and Patrick Sabau and Saniye Ogul and Stefan Ries and Tobias Schotter and Christoph P. Neumann},
  title = {{OPCUA-Netzwerk: Angular- und FastAPI\-/basierte Entwicklung eines OPC-UA Sensor\-/Netzwerks für den Heimbereich}},
  institution = {Ostbayerische Technische Hochschule Amberg\-/Weiden, CyberLytics\-/Lab an der Fakult{\"a}t Elektrotechnik, Medien und Informatik},
  series = {Technischer Bericht},
  number = {CL-2023-01},
  year = 2023,
  month = 3,
  doi = {10.13140/RG.2.2.22177.79209},
  _url = {https://dx.doi.org/10.13140/RG.2.2.22177.79209},
}

