
@online{noauthor_github_nodate,
	title = {{GitHub} Actions documentation},
	url = {https://docs.github.com/_next/data/Fsuma9vZHsYur7KkeZyWX/en/free-pro-team@latest/actions.json?versionId=free-pro-team%40latest&productId=actions},
	abstract = {Automate, customize, and execute your software development workflows right in your repository with {GitHub} Actions. You can discover, create, and share actions to perform any job you'd like, including {CI}/{CD}, and combine actions in a completely customized workflow.},
	titleaddon = {{GitHub} Docs},
	urldate = {2024-07-01},
	langid = {english},
}

@online{noauthor_what_nodate,
	title = {What is Amazon {EKS}? - Amazon {EKS}},
	url = {https://docs.aws.amazon.com/eks/latest/userguide/what-is-eks.html},
	urldate = {2024-06-30},
}

@online{noauthor_what_nodate-1,
	title = {What is Amazon {CloudFront}? - Amazon {CloudFront}},
	url = {https://docs.aws.amazon.com/AmazonCloudFront/latest/DeveloperGuide/Introduction.html},
	urldate = {2024-06-30},
}

@online{noauthor_scikit-learn_nodate,
	title = {scikit-learn: machine learning in Python — scikit-learn 1.5.0 documentation},
	url = {https://scikit-learn.org/stable/index.html},
	urldate = {2024-06-30},
}

@software{noauthor_requests_nodate,
	title = {requests: Python {HTTP} for Humans.},
	rights = {{OSI} Approved :: Apache Software License},
	url = {https://requests.readthedocs.io},
	shorttitle = {requests},
	version = {2.32.3},
	urldate = {2024-06-30},
	keywords = {Internet - {WWW}/{HTTP}, Software Development - Libraries},
}

@software{noauthor_beautifulsoup4_nodate,
	title = {beautifulsoup4: Screen-scraping library},
	rights = {{OSI} Approved :: {MIT} License},
	url = {https://www.crummy.com/software/BeautifulSoup/bs4/},
	shorttitle = {beautifulsoup4},
	version = {4.12.3},
	urldate = {2024-06-30},
	keywords = {{HTML},, Software Development - Libraries - Python Modules, Text Processing - Markup - {HTML}, Text Processing - Markup - {SGML}, Text Processing - Markup - {XML}, {XML},, parse,, soup},
}

@online{noauthor_react_nodate,
	title = {React Icons},
	url = {https://react-icons.github.io/react-icons/},
	urldate = {2024-06-29},
}

@online{noauthor_home_nodate,
	title = {Home v6.24.0},
	url = {https://reactrouter.com/en/main},
	urldate = {2024-06-28},
	langid = {english},
}

@online{noauthor_amazon_nodate,
	title = {Amazon Simple Storage Service S3 – Cloud Online-Speicher},
	url = {https://aws.amazon.com/de/s3/},
	abstract = {Was ist Amazon S3? Amazon S3 unterstützt Sie bei der Sicherung, Archivierung, Big Data und vielem mehr. Nutzen Sie die Vorteile der Datenverwaltung mit unserer {AWS} S3 Storage-Lösung zum Sichern und Abrufen beliebiger Datenmengen.},
	titleaddon = {Amazon Web Services, Inc.},
	urldate = {2024-06-24},
	langid = {german},
}

@online{noauthor_aws_nodate,
	title = {{AWS} Lambda Data Processing - Datenverarbeitungsdienste},
	url = {https://aws.amazon.com/de/lambda/},
	abstract = {{AWS} Lambda ermöglicht es Ihnen, können Sie Code auszuführen, ohne dafür Server bereitstellen und verwalten zu müssen. Finden Sie heraus, was {AWS} Lambda ist, wie es funktioniert und wie Sie Ihren Code für fast jede Anwendungsart und jeden Back-End-Service ausführen können.},
	titleaddon = {Amazon Web Services, Inc.},
	urldate = {2024-06-24},
	langid = {german},
}

@online{noauthor_serverless_nodate,
	title = {Serverless Event Router – Amazon {EventBridge} – Amazon Web Services},
	url = {https://aws.amazon.com/de/eventbridge/},
	urldate = {2024-06-24},
}

@online{noauthor_axios_nodate,
	title = {Axios},
	url = {https://axios-http.com/},
	urldate = {2024-06-24},
}

@online{noauthor_axios-mock-adapter_2023,
	title = {axios-mock-adapter},
	url = {https://www.npmjs.com/package/axios-mock-adapter},
	abstract = {Axios adapter that allows to easily mock requests. Latest version: 1.22.0, last published: 9 months ago. Start using axios-mock-adapter in your project by running `npm i axios-mock-adapter`. There are 464 other projects in the npm registry using axios-mock-adapter.},
	titleaddon = {npm},
	urldate = {2024-06-24},
	date = {2023-09-11},
	langid = {english},
}

@online{noauthor_infographic_2024,
	title = {Infographic: The Global Game of Football},
	url = {https://www.statista.com/chart/14329/global-interest-in-football},
	shorttitle = {Infographic},
	abstract = {This chart shows the percentage of the sports fans from countries who follow football.},
	titleaddon = {Statista Daily Data},
	urldate = {2024-06-23},
	date = {2024-05-24},
	langid = {english},
}

@online{noauthor_verwalteter_nodate,
	title = {Verwalteter Container-Anwendungsdienst – {AWS} App Runner – Amazon Web Services},
	url = {https://aws.amazon.com/de/apprunner/},
	abstract = {{AWS} App Runner unterstützt Sie bei der Bereitstellung und Skalierung von Ihrem Quellcode oder Container-Image zu einer sicheren Webanwendung auf {AWS}.},
	titleaddon = {Amazon Web Services, Inc.},
	urldate = {2024-06-22},
	langid = {german},
}

@online{noauthor_vollstandig_nodate,
	title = {Vollständig verwaltete Container-Registry – Amazon Elastic Container Registry – Amazon Web Services},
	url = {https://aws.amazon.com/de/ecr/},
	abstract = {Amazon Elastic Container Registry ({ECR}) ist eine vollständig verwaltete Docker-Container-Registry, die das Speichern, Freigeben und Bereitstellen von Container-Images erleichtert.},
	titleaddon = {Amazon Web Services, Inc.},
	urldate = {2024-06-22},
	langid = {german},
}

@online{noauthor_mock_nodate,
	title = {Mock Service Worker},
	url = {https://mswjs.io/},
	abstract = {{API} mocking library for browser and Node.js},
	urldate = {2024-06-22},
	langid = {english},
}

@online{noauthor_react_2024,
	title = {React Testing Library {\textbar} Testing Library},
	url = {https://testing-library.com/docs/react-testing-library/intro/},
	abstract = {React Testing Library builds on top of {DOM} Testing Library by adding},
	urldate = {2024-06-22},
	date = {2024-06-03},
	langid = {english},
}

@online{noauthor_introduction_2024,
	title = {Introduction {\textbar} react-i18next documentation},
	url = {https://react.i18next.com},
	urldate = {2024-06-22},
	date = {2024-01-29},
	langid = {english},
}

@online{noauthor_react_nodate-1,
	title = {React Bootstrap {\textbar} React Bootstrap},
	url = {https://react-bootstrap.netlify.app/},
	abstract = {The most popular front-end framework, rebuilt for React},
	urldate = {2024-06-22},
	langid = {english},
}

@online{noauthor_welcome_nodate,
	title = {Welcome to {TinyDB}! — {TinyDB} 4.8.0 documentation},
	url = {https://tinydb.readthedocs.io/en/latest/},
	urldate = {2024-06-22},
}

@online{noauthor_joblib_nodate,
	title = {Joblib: running Python functions as pipeline jobs — joblib 1.4.2 documentation},
	url = {https://joblib.readthedocs.io/en/stable/},
	urldate = {2024-06-22},
}

@online{noauthor_openligadb_nodate,
	title = {{OpenLigaDB}},
	url = {https://www.openligadb.de/},
	urldate = {2024-06-18},
}

@online{noauthor_fusball-transfers_nodate,
	title = {Fußball-Transfers, Gerüchte, Marktwerte und News},
	url = {https://www.transfermarkt.de/},
	abstract = {Transfermarkt - Das Fußball-Portal mit Transfers, Marktwerten, Gerüchten und Statistiken},
	urldate = {2024-06-18},
	langid = {german},
}
